@article{weka,
  title={The WEKA data mining software: an update},
  author={Hall, Mark and Frank, Eibe and Holmes, Geoffrey and Pfahringer, Bernhard and Reutemann, Peter and Witten, Ian H},
  journal={ACM SIGKDD explorations newsletter},
  volume={11},
  number={1},
  pages={10--18},
  year={2009},
  publisher={ACM}
}
@article{carter2013adherence,
	title={Adherence to a smartphone application for weight loss compared to website and paper diary: pilot randomized controlled trial},
	author={Carter, Michelle Clare and Burley, Victoria Jane and Nykjaer, Camilla and Cade, Janet Elizabeth},
	journal={Journal of medical Internet research},
	volume={15},
	number={4},
	year={2013},
	publisher={JMIR Publications Inc.}
}
@article{leslie2005engagement,
	title={Engagement and retention of participants in a physical activity website},
	author={Leslie, Eva and Marshall, AL and Owen, Neville and Bauman, Adrian},
	journal={Preventive medicine},
	volume={40},
	number={1},
	pages={54--59},
	year={2005},
	publisher={Elsevier}
}